<?xml version="1.0" encoding="UTF-8"?><collection xmlns="http://www.loc.gov/MARC21/slim"><record><leader>00527nam--2200181-u-4500</leader><controlfield tag="001">000054764</controlfield><controlfield tag="002">20161230</controlfield><controlfield tag="005">20161230201051</controlfield><controlfield tag="008">120606s1000------------r-----000-0-rus-d</controlfield><datafield ind1=" " ind2=" " tag="040"><subfield code="a">IFIN-HH</subfield></datafield><datafield ind1=" " ind2=" " tag="080"><subfield code="a">539.17</subfield></datafield><datafield ind1="1" ind2=" " tag="100"><subfield code="a">Gresilov, A.A</subfield></datafield><datafield ind1="1" ind2="0" tag="245"><subfield code="a">Produkti mgnovennogo delenia u235, u239, pu239 v intervale 0-1 ce</subfield><subfield code="b">Spravocenik</subfield><subfield code="c">A.a. gresilov, v.m. kolobaskin, s.i. dementev</subfield></datafield><datafield ind1=" " ind2=" " tag="260"><subfield code="a">Moskva</subfield><subfield code="b">Atomizdat</subfield><subfield code="c">1969</subfield></datafield><datafield ind1=" " ind2=" " tag="300"><subfield code="a">104P</subfield></datafield><datafield ind1="1" ind2=" " tag="700"><subfield code="a">Dementev, S.I</subfield></datafield><datafield ind1=" " ind2=" " tag="852"><subfield code="a">31878</subfield><subfield code="c">539.17</subfield></datafield><datafield ind1=" " ind2=" " tag="CAT"><subfield code="a">Sys</subfield><subfield code="c">20120606</subfield><subfield code="h">155005</subfield></datafield></record></collection>